%% This BibTeX bibliography file was created using BibDesk.
%% http://bibdesk.sourceforge.net/


%% Saved with string encoding Unicode (UTF-8) 


@article{astrom,
	Author = {K. J. {\r{A}}str{\"{o}}m and R. D. Bell},
	Journal = {Automatica},
	Pages = {363-378},
	Title = {Drum-boiler dynamics},
	Volume = {36},
	Year = {2000}}

@article{garland,
	Author = {Wm. J. Garland and J. D. Hoskins},
	Journal = {International Jornal of Multiphase Flow},
	Pages = {333-348},
	Title = {Approximate functions for the fast calculation of light-water properties at saturation},
	Volume = {14},
	Number ={3},
	Year = {1988}}

@article{garland2,
         Author = {W. J. Garland and B. J. Hand},
	 Journal = {Nuclear Engineering and Design},
	 Pages = {21-34},
	 Title = {Simple functions for the fast approximation of light water thermodynamic properties},
	 Volume = {113},
	 Year = {1989}}

@article{yuan,
         Author = {G. Yuan and J. Liu},
	 Journal = {Journal of Computers},
	 Pages = {749-754},
	 Title = {The design for the boiler drum level system based on immune control},
	 Volume = {7},
	 Number = {3},
	 Year = {2012}}

@article{adam1999,
         Author = {E. J. Adam and J. L. Marchetti},
	 Journal = {Computers and Chemical Engineering},
	 Pages = {1031-1040},
	 Title = {Dynamic simulation of large boilers with natural recirculation},
	 Volume = {23},
	 Year = {1999}}

@article{adam1994,
         Author = {E. J. Adam and J. L. Marchetti},
	 Journal = {Mecánica Computacional},
	 Pages = {404-413},
	 Title = {Estudio de los problemas num{\'{e}}ricos en un modelo de evaporaci{\'{o}}n en tubos verticales},
	 Volume = {14},
	 Year = {1994}}

@article{habib,
         Author = {M. A. Habib and H. E. Emara-Shabaik and I. Al-Zaharnah and T. Ayinde},
	 Journal = {International Journal of Energy Research},
	 Pages = {20-35},
	 Title = {A thermal nonlinear dynamic model for water tube drum boilers},
	 Volume = {34},
	 Year = {2010}}

@misc{wikicaldeiras,
         Author = {Wikipedia},
         Title = {Caldeira},
         Url = {http://pt.wikipedia.org/w/index.php?title=Caldeira&oldid=40684435},
         Urlaccessdate = {17 dez. 2014},
         Date-modified = {2014-11-23 13:16:00 +0000},
         Year = {2014},
         Bdsk-Url-1 = {http://pt.wikipedia.org/wiki/Caldeira}}

@misc{wikiwatertube,
         Author = {Wikipedia},
         Title = {Water-tube boiler},
         Url = {http://en.wikipedia.org/w/index.php?title=Water-tube_boiler&oldid=638507184},
         Urlaccessdate = {18 dez. 2014},
         Year = {2014},
         Bdsk-Url-1 = {http://en.wikipedia.org/wiki/Water-tube_boiler}}


@article{kwatny,
         Author = {H. W. Kwatny and J. Berg},
	 Journal = {Preprints IFAC 12th world congress},
	 Pages = {405-408},
	 Title = {Drum level regulation at all loads},
	 Volume = {3},
	 Year = {1993}}


@mastersthesis{ufrj,
         Address = {Rio de Janeiro},
         Author = {Fransisco de Assis Pinto Marques},
         Month = {abr.},
         School = {Programa de Pós-Graduação de Engenharia, Universidade Federal do Rio de Janeiro},
         Title = {Modelagem e controle de nível do tubulão de uma caldeira de vapor aquatubular de uma refinaria de petróleo},
         Year = {2012}}

@mastersthesis{dantasusp,
         Address = {São Carlos},
         Author = {Djolse Nascimento Dantas},
         School = {Escola de Engenharia de São Carlos, Universidade de São Paulo},
         Title = {Uso da biomassa da cana-de-açúcar para geração de energia elétrica: análise energética, exergética e ambiental de sistemas de cogeração em sucroalcooleiras do interior paulista},
         Year = {2010}}

@mastersthesis{leme2005,
         Address = {Campinas},
         Author = {Rodrigo Marcelo Leme},
         School = {Faculdade de Engenharia Mecânica, Universidade Estadual de Campinas},
         Title = {Estimativa das emissões de poluentes atmosféricos e uso de água na produção de eletricidade com biomassa de cana-de-açúcar},
         Year = {2005}}

@article{plcimecs,
         Author = {K. Gowri Shankar},
	 Journal = {International MultiConference of Engineers and Computer Scientists},
	 Pages = {19-21},
	 Title = {Control of Boiler Operation using PLC-SCADA},
	 Volume = {2},
	 Year = {2008}}

@article{troubleshootplc,
         Author = {Vaughn D. Martin},
	 Journal = {Electronics Now},
	 Pages = {33},
	 Title = {Troubleshooting PLC problems},
	 Volume = {67},
	 Issue = {5},
	 Year = {1996}}

@book{boilers,
         Address = {New York},
         Author = {Leslie S. Robertson},
         Edition = {1},
         Organization = {University of Michigan Libraries},
         Publisher = {D. Van Nostrand Company},
         Title = {Water-tube boilers},
         Year = {1901}}

@manual{isa-1984,
         Address = {North Carolina},
         Org-Short = {ISA},
         Organization = {Instrument Society of America},
         Pages = 72,
         Subtitle = {Instrumentation Symbols and Identification},
         Title = {{ANSI/ISA}-S5.1},
         Year = {1992}}

@misc{wikiipc,
         Author = {Wikipedia},
         Title = {Inter-process communication},
         Url = {http://en.wikipedia.org/w/index.php?title=Inter-process_communication&oldid=645037874},
         Urlaccessdate = {12 fev. 2015},
         Year = {2015},
         Bdsk-Url-1 = {http://pt.wikipedia.org/wiki/Inter-process_communication}}

@misc{feldbaum2002method,
         title={Method and system for access control of a message queue},
         author={Feldbaum, B.},
         url={https://www.google.com/patents/US6446206},
         year={2002},
         month=sep # "~3",
         publisher={Google Patents},
         note={US Patent 6,446,206}}

@book{zmq,
         Address = {California},
         Author = {Pieter Hintjens},
         Edition = {1},
         Organization = {},
         Publisher = {O'Reilly Media},
         Title = {ZeroMQ: Messaging for Many Applications},
         Year = {2013}}

@misc{brantly1942steam,
         title={Steam boiler and pressure control},
         author={Brantly, J.E.},
         url={https://www.google.com/patents/US2291872},
         year={1942},
         month=aug # "~4",
         publisher={Google Patents},
         note={US Patent 2,291,872}}

@article{controle-pressao,
	Author = {Xiang-Jie Liu and Felipe Lara-Rosano and C. W. Chan},
	Journal = {Engineering Applications of Artifical Intelligence},
	Pages = {431-440},
	Title = {Neurofuzzy network modelling and control of steam
                  pressure in 300 MW steam-boiler system},
	Volume = {16},
	Year = {2003}}